@Article{mlkiv,
author = "Kivela, Mikko and Arenas, Alex and Barthelemy, Marc and Gleeson, James P. and Moreno, Yamir and Porter, Mason Alexander",
title = "Multilayer Networks",
journal = "Journal of Complex Networks",
year = "2014",
OPTvolume = "2",
OPTnumber = "3",
OPTpages = "203-271",
OPTmonth = "August",
OPTnote = "Available at SSRN: https://ssrn.com/abstract=2341334 or http://dx.doi.org/10.2139/ssrn.2341334"
}

@Article{stream,
author = "Latapy M., Viard T., Magnien C.",
title = "Stream graphs and link streams for the modeling
of interactions over time",
OPTnote = "arXiv preprint arXiv:1710.04073",
year = "2017"
}


@article{mldd,
  title = {Mathematical Formulation of Multilayer Networks},
  author = {De Domenico, Manlio and Sol\'e-Ribalta, Albert and Cozzo, Emanuele and Kivel\"a, Mikko and Moreno, Yamir and Porter, Mason A. and G\'omez, Sergio and Arenas, Alex},
  journal = {Phys. Rev. X},
  volume = {3},
  issue = {4},
  pages = {041022},
  numpages = {15},
  year = {2013},
  month = {Dec},
  publisher = {American Physical Society},
  doi = {10.1103/PhysRevX.3.041022},
  url = {https://link.aps.org/doi/10.1103/PhysRevX.3.041022}
}

@INPROCEEDINGS{BERL, 
author={M. {Berlingerio} and M. {Coscia} and F. {Giannotti} and A. {Monreale} and D. {Pedreschi}}, 
booktitle={2011 International Conference on Advances in Social Networks Analysis and Mining}, 
title={Foundations of Multidimensional Network Analysis}, 
year={2011}, 
volume={}, 
number={}, 
pages={485-489}, 
keywords={complex networks;network theory (graphs);multidimensional network analysis;complex networks;scientific community;real-world network data;Social network services;Complex networks;Knowledge engineering;Correlation;Communities;Availability;Power measurement;social network;multidimensional networks;multiple relations;complex networks}, 
doi={10.1109/ASONAM.2011.103}, 
ISSN={}, 
month={July},}