@Article{mlkiv,
author = "Kivela M. and Arenas A. and Barthelemy M. and Gleeson J.P. and Moreno Y. and Porter M.A.",
title = "Multilayer Networks",
journal = "Journal of Complex Networks",
year = "2014",
OPTvolume = "2",
OPTnumber = "3",
OPTpages = "203-271",
OPTmonth = "August",
OPTnote = "Available at SSRN: https://ssrn.com/abstract=2341334 or http://dx.doi.org/10.2139/ssrn.2341334"
}

@Article{stream,
author = "Latapy M. and Viard T. and Magnien C.",
title = "Stream graphs and link streams for the modeling
of interactions over time",
OPTnote = "arXiv preprint arXiv:1710.04073",
year = "2017"
}

@article{temporal,
  author    = {Othon M.},
  title     = {An Introduction to Temporal Graphs: An Algorithmic Perspective},
  journal   = {CoRR},
  volume    = {abs/1503.00278},
  year      = {2015},
  url       = {http://arxiv.org/abs/1503.00278},
  archivePrefix = {arXiv},
  eprint    = {1503.00278},
  timestamp = {Mon, 13 Aug 2018 16:48:21 +0200},
  biburl    = {https://dblp.org/rec/bib/journals/corr/Michail15},
  bibsource = {dblp computer science bibliography, https://dblp.org}
}

@book{netflow,
  title={Network flows: theory, algorithms, and applications},
  author={Ahuja, R.K. and Magnanti, T.L. and Orlin, J.B.},
  lccn={lc92026702},
  url={https://books.google.co.jp/books?id=WnZRAAAAMAAJ},
  year={1993},
  publisher={Prentice Hall}
}


@article{mldd,
  title = {Mathematical Formulation of Multilayer Networks},
  author = {De Domenico M. and Sol\'e-Ribalta A.and Cozzo E. and Kivel\"a M. and Moreno Y. and Porter M.A. and G\'omez S. and Arenas A.},
  journal = {Phys. Rev. X},
  volume = {3},
  issue = {4},
  pages = {041022},
  numpages = {15},
  year = {2013},
  month = {Dec},
  publisher = {American Physical Society},
  doi = {10.1103/PhysRevX.3.041022},
  url = {https://link.aps.org/doi/10.1103/PhysRevX.3.041022}
}

@INPROCEEDINGS{BERL, 
author={M. {Berlingerio} and M. {Coscia} and F. {Giannotti} and A. {Monreale} and D. {Pedreschi}}, 
booktitle={2011 International Conference on Advances in Social Networks Analysis and Mining}, 
title={Foundations of Multidimensional Network Analysis}, 
year={2011}, 
volume={}, 
number={}, 
pages={485-489}, 
keywords={complex networks;network theory (graphs);multidimensional network analysis;complex networks;scientific community;real-world network data;Social network services;Complex networks;Knowledge engineering;Correlation;Communities;Availability;Power measurement;social network;multidimensional networks;multiple relations;complex networks}, 
doi={10.1109/ASONAM.2011.103}, 
ISSN={}, 
month={July},}

@inproceedings{intrication_fr,
  TITLE = {{Mesurer l'intrication semantique dans une collection de documents}},
  AUTHOR = {Renoust B. and Melan{\c c}on G. and Viaud M.},
  URL = {https://hal.archives-ouvertes.fr/hal-00927214},
  BOOKTITLE = {{EGCFGG}},
  ADDRESS = {France},
  PAGES = {18-29},
  YEAR = {2013},
  MONTH = Jan,
  PDF = {https://hal.archives-ouvertes.fr/hal-00927214/file/EGCFGG2013.pdf},
  HAL_ID = {hal-00927214},
  HAL_VERSION = {v1},
}

@incollection{intrication,
  title={Entanglement in multiplex networks: understanding group cohesion in homophily networks},
  author={Renoust B. and Melan{\c{c}}on G. and Viaud M.},
  booktitle={Social Network Analysis-Community Detection and Evolution},
  pages={89--117},
  year={2014},
  publisher={Springer}
}

@article{dijkstra,
TITLE = {A note on two problems in connexion with graphs},
AUTHOR = {E.W. Dijkstra},
BOOKTITLE = {Numerische Mathematik 1},
PAGES = {269 - 271},
YEAR = {1959},
}



%ecologie

@Article{ecolo,
author={Pilosof S.
and Porter M.A.
and Pascual M.
and K{\'e}fi S.},
title={The multilayer nature of ecological networks},
journal={Nature Ecology \&Amp; Evolution},
year={2017},
month={Mar},
day={23},
publisher={Macmillan Publishers Limited SN  -},
volume={1},
pages={0101 EP  -},
note={Perspective},
url={https://doi.org/10.1038/s41559-017-0101}
}
 %interbank
@article{interbank,
title = "Multiplex interbank networks and systemic importance: An application to European data",
journal = "Journal of Financial Stability",
volume = "35",
pages = "17 - 37",
year = "2018",
note = "Network models, stress testing and other tools for financial stability monitoring and macroprudential policy design and implementation",
issn = "1572-3089",
doi = "https://doi.org/10.1016/j.jfs.2016.12.008",
url = "http://www.sciencedirect.com/science/article/pii/S1572308916302376",
author = "Aldasoro I. and Alves I.",
keywords = "Interbank networks, Systemic importance, Multiplex networks",
}


%page wikipedia sur les graphes
@MISC{wikigraphes,
title = {Théorie des graphes (Wikipedia)},
note = "\url{https://fr.wikipedia.org/wiki/Théorie_des_graphes}",
}


%isomorphisme
@ARTICLE{isomulti, 
author={M. {Kivelä} and M. A. {Porter}}, 
journal={IEEE Transactions on Network Science and Engineering}, 
title={Isomorphisms in Multilayer Networks}, 
year={2018}, 
volume={5}, 
number={3}, 
pages={198-211}, 
keywords={graph theory;vertex labels;layer labels;multiplex networks;temporal networks;multilayer network isomorphism problem;graph isomorphism problem;network analysis methods;Nonhomogeneous media;Tools;Multiplexing;Mathematics;Software;Terminology;Computer science;Complex networks}, 
doi={10.1109/TNSE.2017.2753963}, 
ISSN={2327-4697}, 
month={July},}

%centralité
@Article{centraliteMulti,
author={De Domenico M.
and Sol{\'e}-Ribalta A.
and Omodei E.
and G{\'o}mez S.
and Arenas A.},
title={Ranking in interconnected multilayer networks reveals versatile nodes},
journal={Nature Communications},
year={2015},
month={Apr},
day={23},
publisher={Nature Publishing Group, a division of Macmillan Publishers Limited. All Rights Reserved. SN  -},
volume={6},
pages={6868 EP  -},
note={Article},
url={https://doi.org/10.1038/ncomms7868}
}

@book{centralities,
    author    = "Hanneman R.A. and Riddle M.",
    title     = "Introduction to social network methods",
    year      = "2005",
    publisher = "Riverside, CA:  University of California, Riverside"
}

%clustering
@article{clustering,
  author    = {von Luxburg U.},
  title     = {A Tutorial on Spectral Clustering},
  journal   = {CoRR},
  volume    = {abs/0711.0189},
  year      = {2007},
  url       = {http://arxiv.org/abs/0711.0189},
  archivePrefix = {arXiv},
  eprint    = {0711.0189},
  timestamp = {Mon, 13 Aug 2018 16:48:34 +0200},
  biburl    = {https://dblp.org/rec/bib/journals/corr/abs-0711-0189},
  bibsource = {dblp computer science bibliography, https://dblp.org}
}
%page rank
@Article{pr,
author={S.Brin, L.Page},
title={The anatomy of a large-scale hypertextual web search engine},
publisher={Proceedings of the Seventh World Wide Web Conference},
year={1998}}



%cours de ro
@book{map,
    author    = " Bonnans J.F, Gaubert S.",
    title     = "Recherche Opérationnelle : aspects mathématiques et applications",
    year      = "2018",
    publisher = "Editions Ecole Polytechnique"
}

%raisonnements divins
@book{divin,
author = {Aigner M., Ziegler G.M.},
title = {Raisonnements divins (deuxième edition, version française)},
year = {2004},
publisher= {Spingler}}


%================DATAS ===================

@misc{github,
  author = "Parmentier P. and Viard T. and Baffier, J.F. and Renoust B.",
  title = {Bibliothèque python sur les multilayer stream graphs},
  year = {2019},
  publisher = {GitHub},
  journal = {GitHub repository},
  howpublished = {\url{https://github.com/TiphaineV/multiplex-streams}}
}

@article{cpge,
    author = {Mastrandrea R. AND Fournet J. AND Barrat A.},
    journal = {PLOS ONE},
    publisher = {Public Library of Science},
    title = {Contact Patterns in a High School: A Comparison between Data Collected Using Wearable Sensors, Contact Diaries and Friendship Surveys},
    year = {2015},
    month = {09},
    volume = {10},
    url = {https://doi.org/10.1371/journal.pone.0136497},
    pages = {1-26},
    number = {9},
    doi = {10.1371/journal.pone.0136497}
}

%avion 

@MISC{plane,
title = {Bureau of Transportation Statistics},
note = "\url{https://www.transtats.bts.gov/DL_SelectFields.asp?Table_ID=236}",
author = "United States Department of Transportation"
}


%star wars
@InProceedings{starwars,
author="Mourchid Y.
and Renoust B.
and Cherifi H.
and El Hassouni M.",
title="Multilayer Network Model of Movie Script",
booktitle="Complex Networks and Their Applications VII",
year="2019",
publisher="Springer International Publishing",
address="Cham",
pages="782--796",
}



@inproceedings{dtnontrivial,
 title={Non-altering time scales for aggregation of dynamic networks into series of graphs},
 author={L{\'e}o Y. and Crespelle C. and Fleury E.},
 booktitle={Proceedings of the 11th ACM Conference on Emerging Networking Experiments and Technologies},
 pages={29},
 year={2015},
 organization={ACM}
}

@incollection{dtnontrivial2,
 title={Temporal scale of dynamic networks},
 author={Caceres R.S. and Berger-Wolf T.},
 booktitle={Temporal Networks},
 pages={65--94},
 year={2013},
 publisher={Springer}
}